@article{Marcenko1967,
author = {Marƒçenko, V.A. and Pastur, Leonid},
year = {1967},
month = {01},
pages = {457-483},
title = {Distribution of eigenvalues for some sets of random matrices},
volume = {1},
journal = {Math USSR Sb}
}

@article{elkaroui2009,
  title={Concentration of measure and spectra of random matrices: applications to correlation matrices, elliptical distributions and beyond},
  author={El Karoui, Noureddine},
  journal={The Annals of Applied Probability},
  year={2009},
  volume={19},
  number={6},
  pages={2362--2405}
}

@article{pajor2009,
  title={Spectral analysis of large dimensional random matrices and related topics},
  author={Pajor, Alain and Pastur, Leonid},
  journal={arXiv preprint arXiv:0904.3961},
  year={2009}
}

@book{couillet2022random,
  title={Random matrix methods for machine learning},
  author={Couillet, Romain and Liao, Zhenyu},
  year={2022},
  publisher={Cambridge University Press}
}